@inbook{lagrange-multiplier,
title="Lagrange Multiplier",
bookTitle="The Concise Encyclopedia of Statistics",
year="2008",
author={{Yadolah}, Doge},
publisher="Springer New York",
address="New York, NY",
pages="292--294",
isbn="978-0-387-32833-1",
doi="10.1007/978-0-387-32833-1_218",
url="https://doi.org/10.1007/978-0-387-32833-1_218"
}

@misc{riotgames,
  author       = {Riot Games},
  title        = {Riot Developer Portal},
  howpublished = {\url{https://developer.riotgames.com/apis}},
  note         = {Accessed: 2024-09-04}
}

@article{pearson-correlation,
       author = {{Pearson}, Karl},
        title = "{Note on Regression and Inheritance in the Case of Two Parents}",
      journal = {Proceedings of the Royal Society of London Series I},
         year = 1895,
        month = jan,
       volume = {58},
        pages = {240-242},
       adsurl = {https://ui.adsabs.harvard.edu/abs/1895RSPS...58..240P},
      adsnote = {Provided by the SAO/NASA Astrophysics Data System}
}

@article{pearson-pca,
        author = {{Pearson}, Karl},
        title = {LIII. On lines and planes of closest fit to systems of points in space},
        journal = {The London, Edinburgh, and Dublin Philosophical Magazine and Journal of Science},
        volume = {2},
        number = {11},
        pages = {559-572},
        year  = {1901},
        publisher = {Taylor & Francis},
        doi = {10.1080/14786440109462720},
}

@article{logistic-regression,
  title={The regression analysis of binary sequences},
  author={Cox, David R},
  journal={Journal of the Royal Statistical Society: Series B (Methodological)},
  volume={20},
  number={2},
  pages={215--232},
  year={1958},
  publisher={Wiley Online Library}
}